<?xml version="1.0" encoding="UTF-8"?><collection xmlns="http://www.loc.gov/MARC21/slim"><record><leader>00321nam--2200121-i-4500</leader><controlfield tag="001">000006872</controlfield><controlfield tag="002">20161230</controlfield><controlfield tag="005">20161230201027</controlfield><controlfield tag="008">060222s1000------------r-----000-0-eng-d</controlfield><datafield ind1=" " ind2=" " tag="100"><subfield code="a">Belinfante, J.G., Opat, G.I</subfield></datafield><datafield ind1=" " ind2=" " tag="245"><subfield code="a">Weight diagrams for su(3)</subfield></datafield><datafield ind1=" " ind2=" " tag="260"><subfield code="a">Washington, U.S.Atomic Energy Commis., 1964 6 P</subfield></datafield><datafield ind1=" " ind2=" " tag="852"><subfield code="a">19826</subfield></datafield></record></collection>